<?xml version="1.0" encoding="UTF-8"?><collection xmlns="http://www.loc.gov/MARC21/slim"><record><leader>00469nam--2200169-i-4500</leader><controlfield tag="001">000001230</controlfield><controlfield tag="002">20161230</controlfield><controlfield tag="005">20161230201024</controlfield><controlfield tag="008">060222s1000------------r-----000-0-eng-d</controlfield><datafield ind1=" " ind2=" " tag="040"><subfield code="a">IFIN-HH</subfield></datafield><datafield ind1=" " ind2=" " tag="080"><subfield code="a">539.12.04:577.346</subfield></datafield><datafield ind1="1" ind2=" " tag="100"><subfield code="a">Helvey,T.C</subfield></datafield><datafield ind1="1" ind2="0" tag="245"><subfield code="a">Effects of nuclear radiation on men and materials</subfield><subfield code="c">T.c. helvey</subfield></datafield><datafield ind1=" " ind2=" " tag="260"><subfield code="a">New York</subfield><subfield code="b">John F.Rider Publisher, Inc</subfield><subfield code="c">1959</subfield></datafield><datafield ind1=" " ind2=" " tag="300"><subfield code="a">V + 56 P</subfield></datafield><datafield ind1=" " ind2=" " tag="852"><subfield code="a">15780</subfield><subfield code="c">539.12.04</subfield></datafield><datafield ind1=" " ind2=" " tag="CAT"><subfield code="a">Sys</subfield><subfield code="c">20120203</subfield><subfield code="h">112029</subfield></datafield></record></collection>